<?xml version='1.0' encoding='utf-8'?>
<record xmlns="http://www.loc.gov/MARC21/slim" xmlns:xsi="http://www.w3.org/2001/XMLSchema-instance">
  <leader>00000nkm^a22002771a^4500</leader>
  <controlfield tag="001">002747167</controlfield>
  <controlfield tag="005">20100202112344.0</controlfield>
  <controlfield tag="007">keoca^</controlfield>
  <controlfield tag="008">940131s1900^^^^miunnn^^^^^^^^^^^1kneng^d</controlfield>
  <datafield tag="035" ind1=" " ind2=" ">
    <subfield code="a">(RLIN)MIUV91-F222</subfield>
  </datafield>
  <datafield tag="035" ind1=" " ind2=" ">
    <subfield code="a">(OCoLC)ocm85778366</subfield>
  </datafield>
  <datafield tag="040" ind1=" " ind2=" ">
    <subfield code="a">MiU-H</subfield>
    <subfield code="c">MiU-H</subfield>
    <subfield code="e">gihc</subfield>
  </datafield>
  <datafield tag="100" ind1="1" ind2=" ">
    <subfield code="a">Shaw, Horatio Watson,</subfield>
    <subfield code="d">1847-1918.</subfield>
  </datafield>
  <datafield tag="245" ind1="0" ind2="4">
    <subfield code="a">[The Shaw family homestead, Dover, Michigan]</subfield>
    <subfield code="h">[graphic] /</subfield>
    <subfield code="c">[Horatio W. Shaw].</subfield>
  </datafield>
  <datafield tag="260" ind1=" " ind2=" ">
    <subfield code="c">[ca. 1900].</subfield>
  </datafield>
  <datafield tag="300" ind1=" " ind2=" ">
    <subfield code="a">1 painting :</subfield>
    <subfield code="b">oil ;</subfield>
    <subfield code="c">visible image 60 x 91 cm.</subfield>
  </datafield>
  <datafield tag="500" ind1=" " ind2=" ">
    <subfield code="a">Home of the Brackley Shaw family.</subfield>
  </datafield>
  <datafield tag="500" ind1=" " ind2=" ">
    <subfield code="a">Donor: 798</subfield>
  </datafield>
  <datafield tag="500" ind1=" " ind2=" ">
    <subfield code="a">Framed.</subfield>
  </datafield>
  <datafield tag="651" ind1=" " ind2="0">
    <subfield code="a">Dover (Lenawee County, Mich. : Township)</subfield>
    <subfield code="x">Dwellings.</subfield>
  </datafield>
  <datafield tag="650" ind1=" " ind2="4">
    <subfield code="a">Dwellings</subfield>
    <subfield code="z">Michigan</subfield>
    <subfield code="z">Dover (Lenawee County).</subfield>
  </datafield>
  <datafield tag="655" ind1=" " ind2="7">
    <subfield code="a">Paintings.</subfield>
    <subfield code="2">gmgpc</subfield>
  </datafield>
  <datafield tag="600" ind1="3" ind2="0">
    <subfield code="a">Shaw family.</subfield>
  </datafield>
  <datafield tag="852" ind1="8" ind2=" ">
    <subfield code="a">MiU-H</subfield>
    <subfield code="b">BENT</subfield>
    <subfield code="h">91222</subfield>
  </datafield>
  <datafield tag="998" ind1=" " ind2=" ">
    <subfield code="c">LAC</subfield>
    <subfield code="s">9114</subfield>
  </datafield>
  <datafield tag="955" ind1=" " ind2=" ">
    <subfield code="b">BENT</subfield>
    <subfield code="p">B1062282</subfield>
  </datafield>
</record>
